% Encoding: UTF-8

@Misc{page-page-network-ds,
  author       = {Stanford Network Analysis Project},
  title        = {{Facebook Large Page-Page Network}},
  howpublished = {\\\url{https://snap.stanford.edu/data/facebook-large-page-page-network.html}},
  note         = {Accessed Online on 2020-07-03},
}

@Comment{jabref-meta: databaseType:bibtex;}
